@article{masterthesis,
  title={Open data for anomaly detection in maritime surveillance},
  author={Kazemi, Samira and Abghari, Shahrooz and Lavesson, Niklas and Johnson, Henric and Ryman, Peter},
  journal={Expert Systems with Applications},
  volume={40},
  number={14},
  pages={5719--5729},
  year={2013},
  publisher={Elsevier}
}

@article{AISHarati,
  title={Automatic Identification System (AIS): data reliability and human error implications},
  author={Harati-Mokhtari, Abbas and Wall, Alan and Brooks, Philip and Wang, Jin},
  journal={Journal of navigation},
  volume={60},
  number={03},
  pages={373--389},
  year={2007},
  publisher={Cambridge Univ Press}
}

@inproceedings{roy2010rule,
  title={Rule-based expert system for maritime anomaly detection},
  author={Roy, Jean},
  booktitle={SPIE Defense, Security, and Sensing},
  pages={76662N--76662N},
  year={2010},
  organization={International Society for Optics and Photonics}
}
@inproceedings{roy2009categorization,
  title={Categorization of maritime anomalies for notification and alerting purpose},
  author={Roy, Jean and Davenport, Michael},
  booktitle={NATO workshop on data fusion and anomaly detection for maritime situational awareness, La Spezia, Italy},
  pages={15--17},
  year={2009}
}

@article{svm,
  title={Support-vector networks},
  author={Cortes, Corinna and Vapnik, Vladimir},
  journal={Machine learning},
  volume={20},
  number={3},
  pages={273--297},
  year={1995},
  publisher={Springer}
}

@inproceedings{Lee07,
 author = {Lee, Jae-Gil and Han, Jiawei and Whang, Kyu-Young},
 title = {Trajectory Clustering: A Partition-and-group Framework},
 booktitle = {Proceedings of the 2007 ACM SIGMOD Inter. Conf. on Management of Data},
 series = {SIGMOD '07},
 year = {2007},
 isbn = {978-1-59593-686-8},
 location = {Beijing, China},
 pages = {593--604},
 numpages = {12},
 %url = {http://doi.acm.org/10.1145/1247480.1247546},
 %doi = {10.1145/1247480.1247546},
 acmid = {1247546},
 publisher = {ACM},
 address = {New York, NY, USA},
 keywords = {MDL principle, density-based clustering, partition-and-group framework, trajectory clustering},
} 

@article{vfkm,
  author    = {Nivan Ferreira and
               James T. Klosowski and
               Carlos Eduardo Scheidegger and
               Cl{\'{a}}udio T. Silva},
  title     = {Vector Field k-Means: Clustering Trajectories by Fitting Multiple
               Vector Fields},
  journal   = {CoRR},
  year      = {2012},
  volume    = {abs/1208.5801},
  timestamp = {Tue, 09 Sep 2014 15:09:58 +0200},
  bibsource = {dblp computer science bibliography, http://dblp.org}
}

@article{airspaceMonitoring,
  title={Trajectory clustering and an application to airspace monitoring},
  author={Gariel, Maxime and Srivastava, Ashok N and Feron, Eric},
  journal={Intelligent Transportation Systems, IEEE Transactions on},
  volume={12},
  number={4},
  pages={1511--1524},
  year={2011},
  publisher={IEEE}
}

@article{kmeans,
  title={Silhouettes: a graphical aid to the interpretation and validation of cluster analysis},
  author={Rousseeuw, Peter J},
  journal={Journal of computational and applied mathematics},
  volume={20},
  pages={53--65},
  year={1987},
  publisher={Elsevier}
}

@book{AISDummies,
	Address = {Mississauga, ON},
	Author = {Ball, Heather},
	Isbn = {9781118484944},
	Publisher = {Wiley},
	Title = {Satellite AIS for Dummies},
	Year = {2013}}
	
@book{IALA,
    Address = {78100 Saint Germain en Laye, France},
    Publisher = {IALA/AISM-20ter rue Schnapper},
    Title = {IALA Guidelines on the Universal Automatic Identification System (AIS), Volume 1, Part II-Technical Issues Edition 1.1},
    Year={2002}
}

@TECHREPORT{Candide,
    author = {Jörgen Ahlberg},
    title = {CANDIDE-3 - An Updated Parameterised Face},
    institution = {},
    year = {2001}
}

@inproceedings{videosurveillance1,
  title={Trajectory clustering and its applications for video surveillance},
  author={Piciarelli, Claudio and Foresti, Gian Luca and Snidaro, Lauro},
  booktitle={Advanced Video and Signal Based Surveillance, 2005. AVSS 2005. IEEE Conference on},
  pages={40--45},
  year={2005},
  organization={IEEE}
}
@inproceedings{videosurveillance2,
  title={Fusion of trajectory clusters for situation assessment},
  author={Snidaro, Lauro and Piciarelli, Claudio and Foresti, Gian Luca},
  booktitle={Information Fusion, 2006 9th International Conference on},
  pages={1--7},
  year={2006},
  organization={IEEE}
}

@article{videosurveillance3,
  title={Learning patterns of activity using real-time tracking},
  author={Stauffer, Chris and Grimson, W Eric L},
  journal={Pattern Analysis and Machine Intelligence, IEEE Transactions on},
  volume={22},
  number={8},
  pages={747--757},
  year={2000},
  publisher={IEEE}
}


@inproceedings{spline,
  title={Trajectory clustering for coastal surveillance},
  author={Dahlbom, Anders and Niklasson, Lars},
  booktitle={Information Fusion, 2007 10th International Conference on},
  pages={1--8},
  year={2007},
  organization={IEEE}
}




@book{juandefuca,
 title="Sailing Directions (enroute) British Columbia",
 author="United States. Defense Mapping Agency. Hydrographic/Topographic Center",
 series="Pub. (United States. Defense Mapping Agency. Hydrographic/Topographic Center)",
 year="2012",
 publisher="Defense Mapping Agency, Hydrographic/Topographic Center"
}




	
@book{aggarwal2013data,
  title={Data Clustering: Algorithms and Applications},
  author={Aggarwal, Charu C and Reddy, Chandan K},
  year={2013},
  publisher={CRC Press}
}

@INPROCEEDINGS{DBScan96,
    author = {Martin Ester and Hans-peter Kriegel and Jörg S and Xiaowei Xu},
    title = {A density-based algorithm for discovering clusters in large spatial databases with noise},
    booktitle = {},
    year = {1996},
    pages = {226--231},
    publisher = {AAAI Press}
}

@inproceedings{lcss,
  title={Discovering similar multidimensional trajectories},
  author={Vlachos, Michail and Kollios, George and Gunopulos, Dimitrios},
  booktitle={Data Engineering, 2002. Proceedings. 18th International Conference on},
  pages={673--684},
  year={2002},
  organization={IEEE}
}

@inproceedings{dtw,
  title={Scaling up dynamic time warping for datamining applications},
  author={Keogh, Eamonn J and Pazzani, Michael J},
  booktitle={Proceedings of the sixth ACM SIGKDD international conference on Knowledge discovery and data mining},
  pages={285--289},
  year={2000},
  organization={ACM}
}

@article{edit_distance,
  title={A guided tour to approximate string matching},
  author={Navarro, Gonzalo},
  journal={ACM computing surveys (CSUR)},
  volume={33},
  number={1},
  pages={31--88},
  year={2001},
  publisher={ACM}
}

@inproceedings{comparison_distances,
  title={Comparison of similarity measures for trajectory clustering in outdoor surveillance scenes},
  author={Zhang, Zhang and Huang, Kaiqi and Tan, Tieniu},
  booktitle={Pattern Recognition, 2006. ICPR 2006. 18th International Conference on},
  volume={3},
  pages={1135--1138},
  year={2006},
  organization={IEEE}
}
    
@inproceedings{vehicle_clustering,
  title={Similarity based vehicle trajectory clustering and anomaly detection},
  author={Fu, Zhouyu and Hu, Weiming and Tan, Tieniu},
  booktitle={Image Processing, 2005. ICIP 2005. IEEE International Conference on},
  volume={2},
  pages={II--602},
  year={2005},
  organization={IEEE}
}

@inproceedings{vespe12,
  title={Unsupervised learning of maritime traffic patterns for anomaly detection},
  author={Vespe, Michele and Visentini, Ingrid and Bryan, Karna and Braca, Paolo},
  booktitle={Data Fusion \& Target Tracking Conf. (DF\&TT 2012): Algorithms \& Applications, 9th IET},
  pages={1--5},
  year={2012},
  organization={IET}
}    
    
@inproceedings{pallotta13,
  title={Traffic knowledge discovery from ais data},
  author={Pallotta, Giuliana and Vespe, Michele and Bryan, Karna},
  booktitle={Information Fusion (FUSION), 2013 16th International Conference on},
  pages={1996--2003},
  year={2013},
  organization={IEEE}
}

@Article{PallottaFramework,
AUTHOR = {Pallotta, Giuliana and Vespe, Michele and Bryan, Karna},
TITLE = {Vessel Pattern Knowledge Discovery from AIS Data: A Framework for Anomaly Detection and Route Prediction},
JOURNAL = {Entropy},
VOLUME = {15},
YEAR = {2013},
NUMBER = {6},
PAGES = {2218--2245},
%URL = {http://www.mdpi.com/1099-4300/15/6/2218},
ISSN = {1099-4300},
DOI = {10.3390/e15062218}
}

@inproceedings{Nicolas,
  title={Unsupervised extraction of knowledge from S-AIS data for maritime situational awareness},
  author={Le Guillarme, Nicolas and Lerouvreur, Xavier},
  booktitle={Information Fusion (FUSION), 2013 16th International Conference on},
  pages={2025--2032},
  year={2013},
  organization={IEEE}
}

@book{hanjiaweibook,
 author = {Han, Jiawei},
 title = {Data Mining: Concepts and Techniques},
 year = {2005},
 isbn = {1558609016},
 publisher = {Morgan Kaufmann Publishers Inc.},
 address = {San Francisco, CA, USA},
} 

@book{kmedoids,
  title={Clustering by means of medoids},
  author={Kaufman, Leonard and Rousseeuw, Peter},
  year={1987},
  publisher={North-Holland}
}

@inproceedings{birch,
  title={BIRCH: an efficient data clustering method for very large databases},
  author={Zhang, Tian and Ramakrishnan, Raghu and Livny, Miron},
  booktitle={ACM SIGMOD Record},
  volume={25},
  number={2},
  pages={103--114},
  year={1996},
  organization={ACM}
}

@inproceedings{optics,
  title={OPTICS: ordering points to identify the clustering structure},
  author={Ankerst, Mihael and Breunig, Markus M and Kriegel, Hans-Peter and Sander, J{\"o}rg},
  booktitle={ACM Sigmod Record},
  volume={28},
  number={2},
  pages={49--60},
  year={1999},
  organization={ACM}
}

@inproceedings{denclue,
  title={An efficient approach to clustering in large multimedia databases with noise},
  author={Hinneburg, Alexander and Keim, Daniel A},
  booktitle={KDD},
  volume={98},
  pages={58--65},
  year={1998}
}

@inproceedings{sting,
  title={STING: A statistical information grid approach to spatial data mining},
  author={Wang, Wei and Yang, Jiong and Muntz, Richard and others},
  booktitle={VLDB},
  volume={97},
  pages={186--195},
  year={1997}
}

@inproceedings{clique,
  title={New Algorithms for Fast Discovery of Association Rules.},
  author={Zaki, Mohammed Javeed and Parthasarathy, Srinivasan and Ogihara, Mitsunori and Li, Wei and others},
  booktitle={KDD},
  volume={97},
  pages={283--286},
  year={1997}
}

@article{stopmove,
 author = {Spaccapietra, Stefano and Parent, Christine and Damiani, Maria Luisa and de Macedo, Jose Antonio and Porto, Fabio and Vangenot, Christelle},
 title = {A Conceptual View on Trajectories},
 journal = {Data Knowl. Eng.},
 issue_date = {April, 2008},
 volume = {65},
 number = {1},
 month = apr,
 year = {2008},
 issn = {0169-023X},
 pages = {126--146},
 numpages = {21},
 %url = {http://dx.doi.org/10.1016/j.datak.2007.10.008},
 doi = {10.1016/j.datak.2007.10.008},
 acmid = {1347785},
 publisher = {Elsevier Science Publishers B. V.},
 address = {Amsterdam, The Netherlands, The Netherlands},
 keywords = {GIS, Moving objects, Spatio-temporal databases, Trajectories},
} 

@article{chandola,
  title={Anomaly detection: A survey},
  author={Chandola, Varun and Banerjee, Arindam and Kumar, Vipin},
  journal={ACM Computing Surveys (CSUR)},
  volume={41},
  number={3},
  pages={15},
  year={2009},
  publisher={ACM}
}

@inproceedings{kde,
  title={Statistical analysis of motion patterns in AIS data: Anomaly detection and motion prediction},
  author={Ristic, Branko and La Scala, Barbara and Morelande, Mark and Gordon, Neil},
  booktitle={Information Fusion, 2008 11th International Conference on},
  pages={1--7},
  year={2008},
  organization={IEEE}
}

@inproceedings{Soleimani,
  title={Anomaly Detection in Maritime Data Based on	Geometrical Analysis of	Trajectories},
  author={Behrouz Haji Soleimani, Erico	N. De Souza, Casey Hilliard  and Stan Matwin},
  booktitle={Information Fusion, 2015 18th International Conference on},
  year={2015},
  organization={IEEE}
}

@inproceedings{gmm,
  title={Anomaly detection for sea surveillance},
  author={Laxhammar, Rikard},
  booktitle={Information Fusion, 2008 11th International Conference on},
  pages={1--8},
  year={2008},
  organization={IEEE}
}

@article{Gerben,
  title={Machine learning for vessel trajectories using compression, alignments and domain knowledge},
  author={De Vries, Gerben Klaas Dirk and Van Someren, Maarten},
  journal={Expert Systems with Applications},
  volume={39},
  number={18},
  pages={13426--13439},
  year={2012},
  publisher={Elsevier}
}   

@article{Etienne12,
  author    = {Laurent Etienne and
               Thomas Devogele},
  title     = {Spatio-temporal trajectory analysis of mobile objects following the same itinerary},
  journal   = {Advances in Geo-Spatial Information Science},
  year      = {2012},
  volume    = {17},
  number    = {1},
  pages     = {11--34},
  doi       = {10.3166/isi.17.1.11-34},
  timestamp = {Tue, 09 Sep 2014 15:40:48 +0200},
  biburl    = {http://dblp.uni-trier.de/rec/bib/journals/isi/EtienneD12},
  bibsource = {dblp computer science bibliography, http://dblp.org}
}

@book{rousseeuw2005,
  title={Robust regression and outlier detection},
  author={Rousseeuw, Peter J and Leroy, Annick M},
  volume={589},
  year={2005},
  publisher={John Wiley \& Sons}
}
@inproceedings{teng1990adaptive,
  title={Adaptive real-time anomaly detection using inductively generated sequential patterns},
  author={Teng, Henry S and Chen, Kaihu and Lu, SC},
  booktitle={Research in Security and Privacy, 1990. Proceedings., 1990 IEEE Computer Society Symposium on},
  pages={278--284},
  year={1990},
  organization={IEEE}
}

@article{creditcard,
  title={Credit card fraud detection using hidden Markov model},
  author={Srivastava, Abhinav and Kundu, Amlan and Sural, Shamik and Majumdar, Arun K},
  journal={Dependable and Secure Computing, IEEE Transactions on},
  volume={5},
  number={1},
  pages={37--48},
  year={2008},
  publisher={IEEE}
}

@article{insurance,
  title={A Comparison of State-of-the-Art Classification Techniques for Expert Automobile Insurance Claim Fraud Detection},
  author={Viaene, Stijn and Derrig, Richard A and Baesens, Bart and Dedene, Guido},
  journal={Journal of Risk and Insurance},
  volume={69},
  number={3},
  pages={373--421},
  year={2002},
  publisher={Wiley Online Library}
}

@article{healthcare,
  title={A survey on statistical methods for health care fraud detection},
  author={Li, Jing and Huang, Kuei-Ying and Jin, Jionghua and Shi, Jianjun},
  journal={Health care management science},
  volume={11},
  number={3},
  pages={275--287},
  year={2008},
  publisher={Springer}
}

@inproceedings{cyber,
  title={Unsupervised anomaly detection in network intrusion detection using clusters},
  author={Leung, Kingsly and Leckie, Christopher},
  booktitle={Proceedings of the Twenty-eighth Australasian conference on Computer Science-Volume 38},
  pages={333--342},
  year={2005},
  organization={Australian Computer Society, Inc.}
}

@article{phdthesis,
  author    = {Laxhammar Rikard},
  title     = {Anomaly detection in trajectory data for surveillance applications},
  journal   = {Studies from the school of science and technology at Örebro university 19},
  year      = {2011},
}

@ONLINE{gpsDistance,
author = {Chris Veness},
title = {Calculate distance, bearing and more between Latitude/Longitude points},
\url{http://www.movable-type.co.uk/scripts/latlong.html}
}



@article{visionSurvey,
  added-at = {2008-10-28T00:00:00.000+0100},
  author = {Morris, Brendan Tran and Trivedi, Mohan M.},
  biburl = {http://www.bibsonomy.org/bibtex/21507ce2f89baf24b4f1b4ba1208cacea/dblp},
  date = {2008-10-28},
  description = {dblp},
  ee = {http://dx.doi.org/10.1109/TCSVT.2008.927109},
  interhash = {74a0e441f39c6248decae46ce6e7276a},
  intrahash = {1507ce2f89baf24b4f1b4ba1208cacea},
  journal = {IEEE Trans. Circuits Syst. Video Techn.},
  keywords = {dblp},
  number = 8,
  pages = {1114-1127},
  timestamp = {2008-10-28T00:00:00.000+0100},
  title = {A Survey of Vision-Based Trajectory Learning and Analysis for Surveillance.},
  %url = {http://dblp.uni-trier.de/db/journals/tcsv/tcsv18.html#MorrisT08},
  volume = 18,
  year = 2008
}

@book{PangNing05,
 author = {Tan, Pang-Ning and Steinbach, Michael and Kumar, Vipin},
 title = {Introduction to Data Mining, (First Edition)},
 year = {2005},
 isbn = {0321321367},
 publisher = {Addison-Wesley Longman Publishing Co., Inc.},
 address = {Boston, MA, USA},
} 

@inproceedings{bigdata2014,
  title={Knowledge-based clustering of ship trajectories using density-based approach},
  author={Liu, Bo and de Souza, Erico N and Matwin, Stan and Sydow, Marcin},
  booktitle={Big Data (Big Data), 2014 IEEE International Conference on},
  pages={603--608},
  year={2014},
  organization={IEEE}
}

@misc{tss,
  title = {COLREG.2/Circ.57 New and Amended Existing Traffic Separation Schemes},
  howpublished = {\url{http://www.imo.org/blast/blastDataHelper.asp?data_id=14761&filename=57.pdf}},
  note = {Accessed: 2006-05-26}
}

@inproceedings{DDBscan,
  title={DB-SMoT: a direction-based spatio-temporal clustering method},
  author={Rocha, Jose Antonio MR and Oliveira, Gabriel and Alvares, Luis O and Bogorny, Vania and Times, VC},
  booktitle={Intelligent systems (IS), 2010 5th IEEE international conference},
  pages={114--119},
  year={2010},
  organization={IEEE}
}

@inproceedings{CBSMoT,
 author = {Palma, Andrey Tietbohl and Bogorny, Vania and Kuijpers, Bart and Alvares, Luis Otavio},
 title = {A Clustering-based Approach for Discovering Interesting Places in Trajectories},
 booktitle = {Proceedings of the 2008 ACM Symposium on Applied Computing},
 series = {SAC '08},
 year = {2008},
 isbn = {978-1-59593-753-7},
 location = {Fortaleza, Ceara, Brazil},
 pages = {863--868},
 numpages = {6},
 url = {http://doi.acm.org/10.1145/1363686.1363886},
 doi = {10.1145/1363686.1363886},
 acmid = {1363886},
 publisher = {ACM},
 address = {New York, NY, USA},
 keywords = {data mining, moving objects, semantic trajectory annotation, spatio-temporal clustering, trajectories},
} 

@article{hoare:partition-cacm62,
 author = {Hoare, C. A. R.},
 title = {Algorithm 63: Partition},
 journal = {Commun. ACM},
 issue_date = {July 1961},
 volume = {4},
 number = {7},
 month = jul,
 year = {1961},
 issn = {0001-0782},
 pages = {321--},
 %url = {http://doi.acm.org/10.1145/366622.366642},
 doi = {10.1145/366622.366642},
 acmid = {366642},
 publisher = {ACM},
 address = {New York, NY, USA},
} 

@article{blum:linearSelection-jcss73,
 author = {Blum, Manuel and Floyd, Robert W. and Pratt, Vaughan and Rivest, Ronald L. and Tarjan, Robert E.},
 title = {Time Bounds for Selection},
 journal = {J. Comput. Syst. Sci.},
 issue_date = {August, 1973},
 volume = {7},
 number = {4},
 month = aug,
 year = {1973},
 issn = {0022-0000},
 pages = {448--461},
 numpages = {14},
 %url = {http://dx.doi.org/10.1016/S0022-0000(73)80033-9},
 doi = {10.1016/S0022-0000(73)80033-9},
 acmid = {1740109},
 publisher = {Academic Press, Inc.},
 address = {Orlando, FL, USA},
} 

@article{astar,
 author = {Dechter, Rina and Pearl, Judea},
 title = {Generalized Best-first Search Strategies and the Optimality of A*},
 journal = {J. ACM},
 issue_date = {July 1985},
 volume = {32},
 number = {3},
 month = jul,
 year = {1985},
 issn = {0004-5411},
 pages = {505--536},
 numpages = {32},
 url = {http://doi.acm.org/10.1145/3828.3830},
 doi = {10.1145/3828.3830},
 acmid = {3830},
 publisher = {ACM},
 address = {New York, NY, USA},
} 


@book{anabooks,
  title={Ships' Routeing, London},
  %author={International Maritime Organization},
  %url={http://books.google.ca/books?id=rosTAAAAYAAJ},
  year={2013},
  publisher={International Maritime Organization}
  address={London}
}


@book{anabook,
  title={Ships' Routeing},
  author={IMO},
  year={2013},
  publisher={International Maritime Organization}
  address={London},
  }




@inproceedings{bigdata2014,
  title={Knowledge-based clustering of ship trajectories using density-based approach},
  author={Liu, Bo and de Souza, Erico N and Matwin, Stan and Sydow, Marcin},
  booktitle={Big Data (Big Data), 2014 IEEE International Conference on},
  pages={603--608},
  year={2014},
  organization={IEEE}
}

@inproceedings{comparison,
  title={Anomaly detection in sea traffic-a comparison of the gaussian mixture model and the kernel density estimator},
  author={Laxhammar, Rikard and Falkman, G{\"o}ran and Sviestins, Egils},
  booktitle={Information Fusion, 2009. FUSION'09. 12th International Conference on},
  pages={756--763},
  year={2009},
  organization={IEEE}
}

@article{bn_White,
  title={Anomaly detection in white shipping},
  author={Nevell, David},
  journal={Mathematics in Defence},
  year={2009}
}
@inproceedings{bn_Richard,
  title={Maritime anomaly detection and threat assessment},
  author={Lane, Richard O and Nevell, David A and Hayward, Steven D and Beaney, Thomas W},
  booktitle={Information Fusion (FUSION), 2010 13th Conference on},
  pages={1--8},
  year={2010},
  organization={IEEE}
}